
 @book{Zhong2024AcousticWavesGenerated, 
 title={Acoustic Waves Generated by Parametric Array Loudspeakers (To be Published)}, publisher={CRC Press}, author={Zhong, Jiaxin and Qiu, Xiaojun}, year={2024} }

@inproceedings{Zhong2017EffectsFiniteCircular,
  title = {Effects of the Finite Circular Baffle Size on the Sound Power Measurement},
  booktitle = {{{INTER-NOISE}} and {{NOISE-CON Congress}} and {{Conference Proceedings}}, {{InterNoise}} 2017},
  author = {Zhong, Jiaxin and Tao, Jiancheng and Qiu, Xiaojun},
  year = {2017},
  pages = {2020--2027},
  publisher = {Institute of Noise Control Engineering},
  address = {Hong Kong, China},
  copyright = {All rights reserved},
  isbn = {0736-2935}
}

@article{Zhong2018EffectsFiniteSize,
  title = {Effects of a Finite Size Reflecting Disk in Sound Power Measurements},
  author = {Zhong, Jiaxin and Tao, Jiancheng and Niu, Feng and Qiu, Xiaojun},
  year = {2018},
  journal = {Appl. Acoust.},
  volume = {140},
  number = {1},
  pages = {24--29},
  issn = {0003-682X},
  doi = {10.1016/j.apacoust.2018.05.007},
  copyright = {All rights reserved}
}

@article{Zhong2019IncreasingPerformanceActive,
  title = {Increasing the Performance of Active Noise Control Systems on Ground with a Finite Size Vertical Reflecting Surface},
  author = {Zhong, Jiaxin and Tao, Jiancheng and Qiu, Xiaojun},
  year = {2019},
  journal = {Appl. Acoust.},
  volume = {154},
  pages = {193--200},
  issn = {0003-682X},
  doi = {10.1016/j.apacoust.2019.05.002},
  copyright = {All rights reserved}
}

@article{Zhong2019IncreasingPerformanceActivea,
  title = {Increasing the Performance of Active Noise Control Systems on Ground with Two Vertical Reflecting Surfaces with an Included Angle},
  author = {Zhong, Jiaxin and Tao, Jiancheng and Qiu, Xiaojun},
  year = {2019},
  journal = {J. Acoust. Soc. Am.},
  volume = {146},
  number = {6},
  pages = {4075--4085},
  copyright = {All rights reserved}
}

@inproceedings{Zhong2019NumericalStudyActive,
  title = {A Numerical Study on Active Noise Radiation Control Systems between Two Parallel Reflecting Surfaces},
  booktitle = {The 18th {{Asia-Pacific Vibration Conference}}},
  author = {Zhong, Jiaxin and Tao, Jiancheng and Qiu, Xiaojun},
  year = {2019},
  address = {Sydney, Australia},
  copyright = {All rights reserved}
}

@phdthesis{Zhong2019PhysicsApplicationsExceptional,
  type = {Doctor of {{Philosophy}} in {{Physics}}},
  title = {Physics and Applications of Exceptional Points},
  author = {Zhong, Qi},
  year = {2019},
  address = {Houghton, Michigan},
  doi = {10.37099/mtu.dc.etdr/953},
  urldate = {2023-02-12},
  langid = {english},
  school = {Michigan Technological University},
  keywords = {exceptional point,PT symmetry}
}

@inproceedings{Zhong2020ExperimentalStudyActive,
  title = {An Experimental Study on the Active Noise Control Using a Parametric Array Loudspeaker},
  booktitle = {{{InterNoise}} 2020},
  author = {Zhong, Jiaxin and Xiao, Tong and Halkon, Benjamin and Kirby, Ray and Qiu, Xiaojun},
  year = {2020},
  address = {Seoul, Korea},
  copyright = {All rights reserved}
}

@article{Zhong2020InsertionLossThin,
  title = {Insertion Loss of a Thin Partition for Audio Sounds Generated by a Parametric Array Loudspeaker},
  author = {Zhong, Jiaxin and Wang, Shuping and Kirby, Ray and Qiu, Xiaojun},
  year = {2020},
  journal = {J. Acoust. Soc. Am.},
  volume = {148},
  number = {1},
  pages = {226--235},
  doi = {10.1121/10.0001568},
  copyright = {All rights reserved}
}

@article{Zhong2020NonparaxialModelAudio,
  title = {A Non-Paraxial Model for the Audio Sound behind a Non-Baffled Parametric Array Loudspeaker ({{L}})},
  author = {Zhong, Jiaxin and Kirby, Ray and Qiu, Xiaojun},
  year = {2020},
  journal = {J. Acoust. Soc. Am.},
  volume = {147},
  number = {3},
  pages = {1577--1580},
  doi = {10.1121/10.0000793},
  copyright = {All rights reserved}
}

@article{Zhong2020PerformanceActiveNoise,
  title = {The Performance of Active Noise Control Systems on Ground with Two Parallel Reflecting Surfaces},
  author = {Zhong, Jiaxin and Chen, Baicun and Tao, Jiancheng and Qiu, Xiaojun},
  year = {2020},
  journal = {J. Acoust. Soc. Am.},
  volume = {147},
  number = {5},
  pages = {3397--3407},
  doi = {10.1121/10.0001227},
  copyright = {All rights reserved}
}

@article{Zhong2020ReflectionAudioSounds,
  title = {Reflection of Audio Sounds Generated by a Parametric Array Loudspeaker},
  author = {Zhong, Jiaxin and Wang, Shuping and Kirby, Ray and Qiu, Xiaojun},
  year = {2020},
  journal = {J. Acoust. Soc. Am.},
  volume = {148},
  number = {4},
  pages = {2327--2336},
  doi = {10.1121/10.0002161},
  copyright = {All rights reserved}
}

@article{Zhong2020SphericalExpansionAudio,
  title = {A Spherical Expansion for Audio Sounds Generated by a Circular Parametric Array Loudspeaker},
  author = {Zhong, Jiaxin and Kirby, Ray and Qiu, Xiaojun},
  year = {2020},
  journal = {J. Acoust. Soc. Am.},
  volume = {147},
  number = {5},
  pages = {3502--3510},
  doi = {10.1121/10.0001261},
  copyright = {All rights reserved}
}

@article{Zhong2020SphericalExpansionCalculating,
  title = {On the Spherical Expansion for Calculating the Sound Radiated by a Baffled Circular Piston},
  author = {Zhong, Jiaxin and Qiu, Xiaojun},
  year = {2020},
  journal = {J. Theor. Comp. Acoust.},
  volume = {28},
  pages = {2050026},
  doi = {10.1142/S2591728520500267},
  copyright = {All rights reserved}
}

@article{Zhong2021CylindricalExpansionAudio,
  title = {A Cylindrical Expansion of the Audio Sound for a Steerable Parametric Array Loudspeaker},
  author = {Zhong, Jiaxin and Kirby, Ray and Karimi, Mahmoud and Zou, Haishan},
  year = {2021},
  journal = {J. Acoust. Soc. Am.},
  volume = {150},
  number = {5},
  pages = {3797--3806},
  doi = {10.1121/10.0007280},
  copyright = {All rights reserved}
}

@article{Zhong2021FieldWesterveltFar,
  title = {The near Field, {{Westervelt}} Far Field, and Inverse-Law Far Field of the Audio Sound Generated by Parametric Array Loudspeakers},
  author = {Zhong, Jiaxin and Kirby, Ray and Qiu, Xiaojun},
  year = {2021},
  journal = {J. Acoust. Soc. Am.},
  volume = {149},
  number = {3},
  pages = {1524--1535},
  doi = {10.1121/10.0003606},
  copyright = {All rights reserved}
}

@inproceedings{Zhong2022AudioSoundField,
  title = {Audio Sound Field Generated by a Parametric Array Loudspeaker in a Rectangular Room with Lightly Damped Walls},
  booktitle = {Proceedings of the 24th {{International Congress}} on {{Acoustics}}},
  author = {Zhong, Jiaxin and Kirby, Ray and Karimi, Mahmoud and Qiu, Xiaojun and Lu, Jing},
  year = {2022},
  address = {Gyeongju, Korea},
  copyright = {All rights reserved}
}

@article{Zhong2022LowFrequencyAudio,
  title = {Low Frequency Audio Sound Field Generated by a Focusing Parametric Array Loudspeaker},
  author = {Zhong, Jiaxin and Zhuang, Tao and Kirby, Ray and Karimi, Mahmoud and Qiu, Xiaojun and Zou, Haishan and Lu, Jing},
  year = {2022},
  journal = {IEEE/ACM Trans. Audio Speech Lang. Process.},
  volume = {30},
  pages = {3098--3109},
  publisher = {Acoustical Society of America},
  issn = {0001-4966},
  doi = {10.1109/TASLP.2022.3209944},
  urldate = {2022-03-10},
  copyright = {All rights reserved}
}

@article{Zhong2022ModellingParametricArray,
  title = {Modelling a Parametric Array Loudspeaker Using the Plane Wave Expansion},
  author = {Zhong, Jiaxin and Kirby, Ray and Karimi, Mahmoud and Zou, Haishan},
  year = {2022},
  journal = {J. Acoust. Soc. Am.},
  number = {In preparation},
  copyright = {All rights reserved}
}

@phdthesis{Zhong2022ParametricArrayLoudspeakers,
  title = {Parametric Array Loudspeakers and Applications in Active Noise Control},
  author = {Zhong, Jiaxin},
  year = {2022},
  address = {Sydney, Australia},
  copyright = {All rights reserved},
  school = {University of Technology Sydney}
}

@article{Zhong2022QuietZoneGeneration,
  title = {Quiet Zone Generation in an Acoustic Free Field Using Multiple Parametric Array Loudspeakers},
  author = {Zhong, Jiaxin and Zhuang, Tao and Kirby, Ray and Karimi, Mahmoud and Zou, Haishan and Qiu, Xiaojun},
  year = {2022},
  journal = {J. Acoust. Soc. Am.},
  volume = {151},
  number = {2},
  pages = {1235--1245},
  publisher = {Acoustical Society of America},
  issn = {0001-4966},
  doi = {10.1121/10.0009587},
  urldate = {2022-02-22},
  copyright = {All rights reserved}
}

@article{Zhong2022ScatteringRigidSphere,
  title = {Scattering by a Rigid Sphere of Audio Sound Generated by a Parametric Array Loudspeaker},
  author = {Zhong, Jiaxin and Kirby, Ray and Karimi, Mahmoud and Zou, Haishan and Qiu, Xiaojun},
  year = {2022},
  journal = {J. Acoust. Soc. Am.},
  volume = {151},
  number = {3},
  pages = {1615--1626},
  publisher = {Acoustical Society of America},
  issn = {0001-4966},
  doi = {10.1121/10.0009750},
  urldate = {2022-03-10},
  copyright = {All rights reserved}
}

@article{Zhong2022SphericalWaveExpansion,
  title = {A Spherical Wave Expansion for a Steerable Parametric Array Loudspeaker Using {{Zernike}} Polynomials},
  author = {Zhong, Jiaxin and Kirby, Ray and Karimi, Mahmoud and Zou, Haishan},
  year = {2022},
  journal = {J. Acoust. Soc. Am.},
  volume = {152},
  number = {4},
  pages = {2296--2308},
  doi = {10.1121/10.0014832},
  copyright = {All rights reserved}
}

@misc{Zhong2023EigenenergyBraids2D,
  title = {Eigenenergy Braids in {{2D}} Photonic Crystals},
  author = {Zhong, Janet and Wojcik, Charles C. and Cheng, Dali and Fan, Shanhui},
  year = {2023},
  number = {arXiv:2307.14845},
  eprint = {2307.14845},
  primaryclass = {cond-mat, physics:physics},
  publisher = {arXiv},
  doi = {10.48550/arXiv.2307.14845},
  urldate = {2023-07-31},
  archiveprefix = {arxiv},
  keywords = {brading,Condensed Matter - Mesoscale and Nanoscale Physics,non-Hermitian,Physics - Optics}
}

@article{Zhong2023LocalNonlinearityEnabledDeepSubdiffraction,
  title = {Local-{{Nonlinearity-Enabled Deep Subdiffraction Control}} of {{Acoustic Waves}}},
  author = {Zhong, Jiaxin and Hu, Chengbo and Wang, Kangkang and Ji, Jun and Zhuang, Tao and Zou, Haishan and Lu, Jing and Heo, Hyeonu and Liang, Bin and Jing, Yun and Cheng, Jian-Chun},
  year = {2023},
  journal = {Phys. Rev. Lett.},
  volume = {131},
  number = {23},
  pages = {234001},
  publisher = {American Physical Society},
  doi = {10.1103/PhysRevLett.131.234001},
  urldate = {2023-12-06},
  copyright = {All rights reserved}
}

@article{Zhong2023ModalExpansionMethod,
  title = {A Modal Expansion Method for Simulating Reverberant Sound Fields Generated by a Directional Source in a Rectangular Enclosure},
  author = {Zhong, Jiaxin and Zou, Haishan and Lu, Jing},
  year = {2023},
  journal = {J. Acoust. Soc. Am.},
  volume = {154},
  number = {1},
  pages = {203--216},
  issn = {0001-4966},
  doi = {10.1121/10.0020070},
  urldate = {2023-07-12},
  copyright = {All rights reserved}
}

@article{Zhong2023ModifiedConvolutionModel,
  title = {A Modified Convolution Model for Calculating the Far Field Directivity of a Parametric Array Loudspeaker},
  author = {Zhong, Jiaxin and Zou, Haishan and Lu, Jing and Zhang, Dong},
  year = {2023},
  journal = {J. Acoust. Soc. Am.},
  volume = {153},
  number = {3},
  pages = {1439--1451},
  doi = {10.1121/10.0017361},
  copyright = {All rights reserved},
  keywords = {convolution directivity model}
}

@article{Zhong2023SidelobeSuppressionSteerable,
  title = {Sidelobe {{Suppression}} for a {{Steerable Parametric Source Using}} the {{Sparse Random Array Technique}}},
  author = {Zhong, Jiaxin and Zhuang, Tao and Li, Mengtong and Kirby, Ray and Karimi, Mahmoud and Lu, Jing and Zhang, Dong},
  year = {2023},
  journal = {IEEE/ACM Trans. Audio Speech Lang. Process.},
  volume = {31},
  pages = {3152--3161},
  issn = {2329-9304},
  doi = {10.1109/TASLP.2023.3304491},
  copyright = {All rights reserved},
  keywords = {Acoustics,Brain modeling,Computational modeling,Convolution,directional audio beam,grating lobe suppression,Gratings,Parametric array loudspeaker,parametric source,sidelobe suppression,simulated annealing,sparse array,steerable beam,Ultrasonic imaging,Ultrasonic transducers}
}
